<collection xmlns="http://www.loc.gov/MARC21/slim">
<record>
  <leader>01287nam0a2200253 i 450 </leader>
  <controlfield tag="001">IT\ICCU\CNCE\012100</controlfield>
  <controlfield tag="005">20051114000000.0</controlfield>
  <datafield tag="012" ind1=" " ind2=" ">
    <subfield code="a">m,e, ,&amp;t, tiui popa (3) 1590 (A)</subfield>
    <subfield code="2">fei</subfield>
  </datafield>
  <datafield tag="100" ind1=" " ind2=" ">
    <subfield code="a">19970101d1590        0itac0103    ba</subfield>
  </datafield>
  <datafield tag="101" ind1=" " ind2=" ">
    <subfield code="a">LAT</subfield>
  </datafield>
  <datafield tag="102" ind1=" " ind2=" ">
    <subfield code="a">IT</subfield>
  </datafield>
  <datafield tag="200" ind1="1" ind2=" ">
    <subfield code="a">Catechismus ex decreto sacrosancti Concilii Tridentini, iussu Pii V pont. max. editus. Nunc primum in capita, sectionesque distinctus, varijsque Patrum sententijs, &amp; auctoritatibus munitus. Accessere duo indices,...</subfield>
  </datafield>
  <datafield tag="210" ind1=" " ind2=" ">
    <subfield code="a">Venetiis</subfield>
    <subfield code="c">apud Petrum Bozzolam bibliopolam Cremonensem</subfield>
    <subfield code="d">1590</subfield>
  </datafield>
  <datafield tag="215" ind1=" " ind2=" ">
    <subfield code="a">\32!, 704, \45! p.</subfield>
    <subfield code="d">8ʻ</subfield>
  </datafield>
  <datafield tag="500" ind1="1" ind2="0">
    <subfield code="3">IT\ICCU\CNCE\037231</subfield>
    <subfield code="a">Catechismus</subfield>
  </datafield>
  <datafield tag="620" ind1=" " ind2=" ">
    <subfield code="a">IT</subfield>
    <subfield code="d">Venezia</subfield>
  </datafield>
  <datafield tag="710" ind1="0" ind2="2">
    <subfield code="a">Chiesa cattolica</subfield>
    <subfield code="3">6731</subfield>
  </datafield>
  <datafield tag="712" ind1="0" ind2="0">
    <subfield code="a">Bozzola, Pietro</subfield>
    <subfield code="3">IT\ICCU\CNCT\000735</subfield>
    <subfield code="4">650</subfield>
  </datafield>
  <datafield tag="791" ind1="0" ind2="0">
    <subfield code="a">Bozola, Petrus</subfield>
    <subfield code="3">IT\ICCU\CNCT\003650</subfield>
    <subfield code="z">Bozzola, Pietro</subfield>
  </datafield>
  <datafield tag="801" ind1=" " ind2="3">
    <subfield code="a">IT</subfield>
    <subfield code="b">ICCU</subfield>
    <subfield code="c">20201113</subfield>
  </datafield>
  <datafield tag="899" ind1=" " ind2=" ">
    <subfield code="a">Biblioteca statale. Cremona</subfield>
    <subfield code="1">CR0062</subfield>
    <subfield code="2">LO1 28</subfield>
  </datafield>
  <datafield tag="899" ind1=" " ind2=" ">
    <subfield code="a">Biblioteca S. Giovanni Crisostomo del Seminario. Guastalla</subfield>
    <subfield code="1">RE0037</subfield>
    <subfield code="2">ZRE 10</subfield>
  </datafield>
  <datafield tag="911" ind1=" " ind2=" ">
    <subfield code="a">nel front.</subfield>
    <subfield code="9">IT\ICCU\CNCM\000480</subfield>
  </datafield>
  <datafield tag="921" ind1=" " ind2=" ">
    <subfield code="a">IT\ICCU\CNCM\000480</subfield>
    <subfield code="b">Ippogrifo poggia su un libro chiuso al quale  ̈attaccato il mondo. In cornice figurata</subfield>
    <subfield code="e">Sic mihi atque aliis.</subfield>
    <subfield code="c">Z770</subfield>
    <subfield code="d">Dimensioni: 4,5 x 5</subfield>
    <subfield code="f">CAVALLO</subfield>
    <subfield code="f">GRIFONE</subfield>
    <subfield code="f">LIBRO</subfield>
    <subfield code="f">MONDO</subfield>
    <subfield code="f">SICMIHIATQ</subfield>
    <subfield code="g">1581-1596</subfield>
  </datafield>
</record>
</collection>
